
@misc{VSMSDK,
	author =       {Labcenter Electronics},
	title =        {{Proteus VSM SDK} --- {fractal gecif}},
	year =         {Oct 30, 2000},
	howpublished = {\url{http://fractale.gecif.net/si/logiciels/proteus/ProteusVSMSDK.pdf}},
	note =         {[Online; accessed 04-June-2024]},
}

@misc{LCD12864,
	author =       {cdhigh},
	title =        {{Github} --- {LCD12864 with controller ST7920 Proteus vsm model}},
	year =         {Oct 3, 2021},
	howpublished = {\url{https://github.com/cdhigh/lcd12864_st7920_proteus}},
	note =         {[Online; accessed 04-June-2024]},
}

